%YAML 1.1
%TAG !u! tag:unity3d.com,2011:
--- !u!1001 &100100000
Prefab:
  m_ObjectHideFlags: 1
  serializedVersion: 2
  m_Modification:
    m_TransformParent: {fileID: 0}
    m_Modifications: []
    m_RemovedComponents: []
  m_SourcePrefab: {fileID: 0}
  m_RootGameObject: {fileID: 1817279261131366}
  m_IsPrefabAsset: 1
--- !u!1 &1817279261131366
GameObject:
  m_ObjectHideFlags: 0
  m_CorrespondingSourceObject: {fileID: 0}
  m_PrefabInternal: {fileID: 100100000}
  serializedVersion: 6
  m_Component:
  - component: {fileID: 4275166296238346}
  - component: {fileID: 114225625090724094}
  - component: {fileID: 114627772614887902}
  - component: {fileID: 114571105735341490}
  - component: {fileID: 114725712363074692}
  - component: {fileID: 114909056291063152}
  - component: {fileID: 114629349072644502}
  - component: {fileID: 114928646445634620}
  m_Layer: 0
  m_Name: Managers
  m_TagString: Untagged
  m_Icon: {fileID: 0}
  m_NavMeshLayer: 0
  m_StaticEditorFlags: 0
  m_IsActive: 1
--- !u!4 &4275166296238346
Transform:
  m_ObjectHideFlags: 1
  m_CorrespondingSourceObject: {fileID: 0}
  m_PrefabInternal: {fileID: 100100000}
  m_GameObject: {fileID: 1817279261131366}
  m_LocalRotation: {x: 0, y: 0, z: 0, w: 1}
  m_LocalPosition: {x: 0, y: 0, z: 0}
  m_LocalScale: {x: 1, y: 1, z: 1}
  m_Children: []
  m_Father: {fileID: 0}
  m_RootOrder: 0
  m_LocalEulerAnglesHint: {x: 0, y: 0, z: 0}
--- !u!114 &114225625090724094
MonoBehaviour:
  m_ObjectHideFlags: 1
  m_CorrespondingSourceObject: {fileID: 0}
  m_PrefabInternal: {fileID: 100100000}
  m_GameObject: {fileID: 1817279261131366}
  m_Enabled: 1
  m_EditorHideFlags: 0
  m_Script: {fileID: 11500000, guid: 4ccec9a04dc277241b85fc960313dd8c, type: 3}
  m_Name: 
  m_EditorClassIdentifier: 
  game: {fileID: 0}
--- !u!114 &114571105735341490
MonoBehaviour:
  m_ObjectHideFlags: 1
  m_CorrespondingSourceObject: {fileID: 0}
  m_PrefabInternal: {fileID: 100100000}
  m_GameObject: {fileID: 1817279261131366}
  m_Enabled: 1
  m_EditorHideFlags: 0
  m_Script: {fileID: 11500000, guid: 9833d39f6d6a6e84393a5309cd8b1844, type: 3}
  m_Name: 
  m_EditorClassIdentifier: 
  gameUI: {fileID: 0}
  levelsPanel: {fileID: 0}
  endingPanel: {fileID: 0}
--- !u!114 &114627772614887902
MonoBehaviour:
  m_ObjectHideFlags: 1
  m_CorrespondingSourceObject: {fileID: 0}
  m_PrefabInternal: {fileID: 100100000}
  m_GameObject: {fileID: 1817279261131366}
  m_Enabled: 1
  m_EditorHideFlags: 0
  m_Script: {fileID: 11500000, guid: c975b67ea42a5184ca375a7fe3d6642a, type: 3}
  m_Name: 
  m_EditorClassIdentifier: 
  boardController: {fileID: 0}
  actionsController: {fileID: 0}
  hudController: {fileID: 0}
  robot: {fileID: 0}
  tutorialController: {fileID: 0}
  gameCamera: {fileID: 0}
  mainMenu: {fileID: 0}
  gameAudio: {fileID: 0}
  localization: {fileID: 0}
  typing: {fileID: 0}
  functionsMatcher: {fileID: 0}
  tutorialSettings:
  - {fileID: 11400000, guid: 7c59bda71ea595849a49d5fd50c8afa6, type: 2}
  - {fileID: 11400000, guid: 04298526eb6a9194284f7cbaf6d85fb1, type: 2}
  - {fileID: 11400000, guid: 5fd7a4dbeb046604d93ee0ae9b7f9b30, type: 2}
  - {fileID: 11400000, guid: f85e001d1df59cc489cfadb1d2eb7010, type: 2}
--- !u!114 &114629349072644502
MonoBehaviour:
  m_ObjectHideFlags: 1
  m_CorrespondingSourceObject: {fileID: 0}
  m_PrefabInternal: {fileID: 100100000}
  m_GameObject: {fileID: 1817279261131366}
  m_Enabled: 1
  m_EditorHideFlags: 0
  m_Script: {fileID: 11500000, guid: ee1b8b81f44ef4a47a009a04f990f058, type: 3}
  m_Name: 
  m_EditorClassIdentifier: 
--- !u!114 &114725712363074692
MonoBehaviour:
  m_ObjectHideFlags: 1
  m_CorrespondingSourceObject: {fileID: 0}
  m_PrefabInternal: {fileID: 100100000}
  m_GameObject: {fileID: 1817279261131366}
  m_Enabled: 1
  m_EditorHideFlags: 0
  m_Script: {fileID: 11500000, guid: 3acc58fc581d2af449b20391d3a67654, type: 3}
  m_Name: 
  m_EditorClassIdentifier: 
  destinationTileMat: {fileID: 2100000, guid: f66a3f57f5a0f0f4ca8bc6caf889f0bd, type: 2}
--- !u!114 &114909056291063152
MonoBehaviour:
  m_ObjectHideFlags: 1
  m_CorrespondingSourceObject: {fileID: 0}
  m_PrefabInternal: {fileID: 100100000}
  m_GameObject: {fileID: 1817279261131366}
  m_Enabled: 1
  m_EditorHideFlags: 0
  m_Script: {fileID: 11500000, guid: a58faf0e144469c4db78543f07d849ba, type: 3}
  m_Name: 
  m_EditorClassIdentifier: 
--- !u!114 &114928646445634620
MonoBehaviour:
  m_ObjectHideFlags: 1
  m_CorrespondingSourceObject: {fileID: 0}
  m_PrefabInternal: {fileID: 100100000}
  m_GameObject: {fileID: 1817279261131366}
  m_Enabled: 1
  m_EditorHideFlags: 0
  m_Script: {fileID: 11500000, guid: 85c64b6c9495e93448faa6e4b3ccb755, type: 3}
  m_Name: 
  m_EditorClassIdentifier: 
  strings: {fileID: 11400000, guid: 233c358ec75fde846b099ebd9636fcc8, type: 2}
